@article{Chaudhuri2009,
author = {Chaudhuri, Avik},
doi = {10.1145/1631687.1596589},
file = {:Users/turon/Library/Application Support/Mendeley Desktop/Downloaded/Chaudhuri - 2009 - A concurrent ML library in concurrent Haskell.pdf:pdf},
issn = {03621340},
journal = {ACM SIGPLAN Notices},
keywords = {concurrent haskell,concurrent ml,dis-,synchronization abstractions,tributed synchronization protocol,$\pi$-calculus},
month = aug,
number = {9},
pages = {269},
title = {{A concurrent ML library in concurrent Haskell}},
url = {http://portal.acm.org/citation.cfm?doid=1631687.1596589},
volume = {44},
year = {2009}
}
@article{Odersky1999,
author = {Odersky, M. and Zenger, C. and Zenger, M. and Chen, G.},
file = {:Users/turon/Library/Application Support/Mendeley Desktop/Downloaded/Odersky et al. - 1999 - A functional view of join.pdf:pdf},
journal = {University of South Australia},
publisher = {Citeseer},
title = {{A functional view of join}},
url = {http://citeseerx.ist.psu.edu/viewdoc/download?doi=10.1.1.41.6103\&amp;rep=rep1\&amp;type=pdf},
year = {1999}
}
@article{Prokopec2010,
author = {Prokopec, Aleksandar and Rompf, Tiark and Bagwell, Phil and Odersky, Martin},
file = {:Users/turon/Library/Application Support/Mendeley Desktop/Downloaded/Prokopec et al. - 2010 - A Generic Parallel Collection Framework.pdf:pdf},
journal = {Builder},
keywords = {parallel collections,parallel data structures,scala},
pages = {1--10},
title = {{A Generic Parallel Collection Framework}},
year = {2010}
}
@article{Claessen1999,
author = {Claessen, Koen},
file = {:Users/turon/Library/Application Support/Mendeley Desktop/Downloaded/Claessen - 1999 - A poor man's concurrency monad.pdf:pdf},
journal = {Most},
number = {May},
pages = {313--323},
title = {{A poor man's concurrency monad}},
volume = {9},
year = {1999}
}
@inproceedings{Bolignano1994,
author = {Bolignano, D. and Debabi, M.},
booktitle = {Theoretical Aspects of Computer Software},
file = {:Users/turon/Library/Application Support/Mendeley Desktop/Downloaded/Bolignano, Debabi - 1994 - A semantic theory for concurrent ML.pdf:pdf},
pages = {766--785},
publisher = {Springer},
title = {{A semantic theory for concurrent ML}},
url = {http://www.springerlink.com/index/p1507401q0q61g2k.pdf},
year = {1994}
}
@article{Haller2007,
author = {Haller, Philipp and Odersky, Martin},
file = {:Users/turon/Library/Application Support/Mendeley Desktop/Downloaded/Haller, Odersky - 2007 - Actors That Unify Threads and Events.pdf:pdf},
pages = {171--190},
title = {{Actors That Unify Threads and Events}},
year = {2007}
}
@article{Chrysanthakopoulos2005,
author = {Chrysanthakopoulos, Georgio and Singh, S.},
file = {:Users/turon/Library/Application Support/Mendeley Desktop/Downloaded/Chrysanthakopoulos, Singh - 2005 - An asynchronous messaging library for c\#.pdf:pdf},
journal = {SCOOL 05},
pages = {89},
publisher = {Citeseer},
title = {{An asynchronous messaging library for c$\backslash$\#}},
url = {http://citeseerx.ist.psu.edu/viewdoc/download?doi=10.1.1.92.4941\&amp;rep=rep1\&amp;type=pdf\#page=92},
year = {2005}
}
@article{Haller2006,
author = {Haller, P.},
file = {:Users/turon/Library/Application Support/Mendeley Desktop/Downloaded/Haller - 2006 - An object-oriented programming model for event-based actors.pdf:pdf},
journal = {Arbeit},
number = {May},
title = {{An object-oriented programming model for event-based actors}},
url = {http://lamp.epfl.ch/~phaller/doc/haller06da.pdf},
year = {2006}
}
@article{Qiu,
author = {Qiu, Xiaohong and Fox, Geoffrey and Ho, Alex},
file = {:Users/turon/Library/Application Support/Mendeley Desktop/Downloaded/Qiu, Fox, Ho - Unknown - Analysis of Concurrency and Coordination Runtime CCR and DSS for Parallel and Distributed Computing.pdf:pdf},
journal = {Citeseer},
publisher = {Citeseer},
title = {{Analysis of Concurrency and Coordination Runtime CCR and DSS for Parallel and Distributed Computing}},
url = {http://citeseerx.ist.psu.edu/viewdoc/download?doi=10.1.1.70.7177\&amp;rep=rep1\&amp;type=pdf}
}
@article{Brown,
author = {Brown, Neil C C},
file = {:Users/turon/Library/Application Support/Mendeley Desktop/Downloaded/Brown - Unknown - Combinators for Message-Passing in Haskell.pdf:pdf},
title = {{Combinators for Message-Passing in Haskell}}
}
@article{Palsberg,
author = {Palsberg, Jens},
file = {:Users/turon/Library/Application Support/Mendeley Desktop/Downloaded/Palsberg - Unknown - Communicating Memory Transactions.pdf:pdf},
journal = {Syntax},
keywords = {algorithms,based abstractions do not,composition,design,languages,lend themselves well to,level of abstraction,we need a higher},
title = {{Communicating Memory Transactions}}
}
@article{Ziarek2011,
author = {Ziarek, Lukasz and Sivaramakrishnan, K C and Jagannathan, Suresh},
file = {:Users/turon/Library/Application Support/Mendeley Desktop/Downloaded/Ziarek, Sivaramakrishnan, Jagannathan - 2011 - Composable Asynchronous Events.pdf:pdf},
keywords = {asynchrony,boundaries,changing,com-,concurrent ml,consequently,especially in the presence,first-class events,kind of strong encapsulation,message-passing,nication that spans abstraction,of commu-,posability},
title = {{Composable Asynchronous Events}},
year = {2011}
}
@article{Harris2005a,
author = {Harris, Tim and Marlow, Simon and Peyton-Jones, S},
doi = {10.1145/1378704.1378725},
file = {:Users/turon/Library/Application Support/Mendeley Desktop/Downloaded/Harris, Marlow, Peyton-Jones - 2005 - Composable memory transactions.pdf:pdf},
issn = {00010782},
journal = {Communications of the ACM},
keywords = {algorithms,languages},
month = aug,
number = {8},
pages = {91},
title = {{Composable memory transactions}},
url = {http://portal.acm.org/citation.cfm?id=1065952},
volume = {51},
year = {2005}
}
@article{Gramoli,
author = {Gramoli, Vincent},
file = {:Users/turon/Library/Application Support/Mendeley Desktop/Downloaded/Gramoli - Unknown - Composition vs Concurrency ∗.pdf:pdf},
journal = {Memory},
title = {{Composition vs Concurrency ∗}}
}
@article{Fraser2007,
author = {Fraser, Keir and Harris, Tim},
doi = {10.1145/1233307.1233309},
file = {:Users/turon/Library/Application Support/Mendeley Desktop/Downloaded/Fraser, Harris - 2007 - Concurrent programming without locks.pdf:pdf},
issn = {07342071},
journal = {ACM Transactions on Computer Systems},
month = may,
number = {2},
pages = {5--es},
title = {{Concurrent programming without locks}},
url = {http://portal.acm.org/citation.cfm?doid=1233307.1233309},
volume = {25},
year = {2007}
}
@article{Dudnik,
author = {Dudnik, Polina and Swift, Michael M},
file = {:Users/turon/Library/Application Support/Mendeley Desktop/Downloaded/Dudnik, Swift - Unknown - Condition Variables and Transactional Memory Problem or Opportunity.pdf:pdf},
title = {{Condition Variables and Transactional Memory : Problem or Opportunity ?}}
}
@article{Brown2010,
author = {Brown, Neil C C},
file = {:Users/turon/Library/Application Support/Mendeley Desktop/Downloaded/Brown - 2010 - Conjoined Events.pdf:pdf},
journal = {Memory},
keywords = {allowing processes to synchronise,and,but not both,choice,conjoined events,event or another,exclusive-or,multiway synchronisations,on one,operator,operator for message-passing,this paper introduces an},
title = {{Conjoined Events}},
year = {2010}
}
@article{Wand1980,
author = {Wand, Mitchell},
file = {:Users/turon/Library/Application Support/Mendeley Desktop/Downloaded/Wand - 1980 - Continuation-based multiprocessing.pdf:pdf},
journal = {Current},
pages = {1--16},
title = {{Continuation-based multiprocessing}},
volume = {16},
year = {1980}
}
@article{Shivers,
author = {Shivers, Olin},
file = {:Users/turon/Library/Application Support/Mendeley Desktop/Downloaded/Shivers - Unknown - Continuations and threads Expressing machine concurrency directly in advanced languages.pdf:pdf},
title = {{Continuations and threads : Expressing machine concurrency directly in advanced languages}}
}
@article{Vechev2008,
author = {Vechev, Martin and Yahav, Eran},
doi = {10.1145/1379022.1375598},
file = {:Users/turon/Library/Application Support/Mendeley Desktop/Downloaded/Vechev, Yahav - 2008 - Deriving linearizable fine-grained concurrent objects.pdf:pdf},
isbn = {9781595938602},
issn = {03621340},
journal = {ACM SIGPLAN Notices},
keywords = {checking,concurrent algorithms,linearizability,model,synthesis,verification},
month = may,
number = {6},
pages = {125},
title = {{Deriving linearizable fine-grained concurrent objects}},
url = {http://portal.acm.org/citation.cfm?doid=1379022.1375598},
volume = {43},
year = {2008}
}
@article{Felber,
author = {Felber, Pascal and Gramoli, Vincent},
file = {:Users/turon/Library/Application Support/Mendeley Desktop/Downloaded/Felber, Gramoli - Unknown - Elastic Transactions.pdf:pdf},
title = {{Elastic Transactions}}
}
@article{Choi1999,
author = {Choi, Jong-Deok and Gupta, Manish and Serrano, Mauricio and Sreedhar, Vugranam C. and Midkiff, Sam},
doi = {10.1145/320385.320386},
file = {:Users/turon/Library/Application Support/Mendeley Desktop/Downloaded/Choi et al. - 1999 - Escape analysis for Java.pdf:pdf},
issn = {03621340},
journal = {ACM SIGPLAN Notices},
month = oct,
number = {10},
pages = {1--19},
title = {{Escape analysis for Java}},
url = {http://portal.acm.org/citation.cfm?doid=320385.320386},
volume = {34},
year = {1999}
}
@article{Chaudhuri2008,
author = {Chaudhuri, Avik},
file = {:Users/turon/Library/Application Support/Mendeley Desktop/Downloaded/Chaudhuri - 2008 - Event Synchronization by Lightweight Message Passing.pdf:pdf},
journal = {Arxiv preprint arXiv:0805.4029},
title = {{Event Synchronization by Lightweight Message Passing}},
url = {http://arxiv.org/abs/0805.4029},
year = {2008}
}
@article{Haller2006a,
author = {Haller, P. and Odersky, M.},
doi = {10.1002/bsl.982},
file = {:Users/turon/Library/Application Support/Mendeley Desktop/Downloaded/Haller, Odersky - 2006 - Event-based programming without inversion of control.pdf:pdf},
issn = {1099-0798},
journal = {Modular Programming Languages},
month = mar,
number = {2},
pages = {4--22},
pmid = {21437941},
publisher = {Springer},
title = {{Event-based programming without inversion of control}},
url = {http://www.springerlink.com/index/u548835208247g02.pdf},
volume = {29},
year = {2006}
}
@article{Russell2001,
author = {Russell, George},
doi = {10.1145/507669.507655},
file = {:Users/turon/Library/Application Support/Mendeley Desktop/Downloaded/Russell - 2001 - Events in Haskell, and how to implement them.pdf:pdf},
issn = {03621340},
journal = {ACM SIGPLAN Notices},
month = oct,
number = {10},
pages = {157},
title = {{Events in Haskell, and how to implement them}},
url = {http://portal.acm.org/citation.cfm?doid=507669.507655},
volume = {36},
year = {2001}
}
@article{Odersky2000,
author = {Odersky, M.},
file = {:Users/turon/Library/Application Support/Mendeley Desktop/Downloaded/Odersky - 2000 - Functional nets.pdf:pdf},
journal = {Programming Languages and Systems},
pages = {1--25},
publisher = {Springer},
title = {{Functional nets}},
url = {http://www.springerlink.com/index/1H8QL8HBRPRCDUU4.pdf},
year = {2000}
}
@article{Hughes2000,
author = {Hughes, J},
doi = {10.1016/S0167-6423(99)00023-4},
file = {:Users/turon/Library/Application Support/Mendeley Desktop/Downloaded/Hughes - 2000 - Generalising monads to arrows.pdf:pdf},
journal = {Science of Computer Programming},
month = may,
number = {1-3},
pages = {67--111},
title = {{Generalising monads to arrows}},
volume = {37},
year = {2000}
}
@article{Lindley2008,
author = {Lindley, Sam and Wadler, Philip and Yallop, Jeremy},
file = {:Users/turon/Library/Application Support/Mendeley Desktop/Downloaded/Lindley, Wadler, Yallop - 2008 - Idioms are oblivious , arrows are meticulous , monads are promiscuous.pdf:pdf},
journal = {Electronic Notes in Theoretical Computer Science},
keywords = {applicative functors,arrows,idioms,monads},
title = {{Idioms are oblivious , arrows are meticulous , monads are promiscuous}},
year = {2008}
}
@article{Haller2008,
author = {Haller, Philipp and Cutsem, Tom Van},
file = {:Users/turon/Library/Application Support/Mendeley Desktop/Downloaded/Haller, Cutsem - 2008 - Implementing Joins Using Extensible Pattern Matching.pdf:pdf},
keywords = {actors,chords,concurrent programming,join patterns},
pages = {135--152},
title = {{Implementing Joins Using Extensible Pattern Matching}},
year = {2008}
}
@article{Doctoral2010,
author = {Doctoral, Programme and Informatique, E N and Information, Communications E T},
file = {:Users/turon/Library/Application Support/Mendeley Desktop/Downloaded/Doctoral, Informatique, Information - 2010 - Isolated Actors for Race-Free Concurrent Programming.pdf:pdf},
journal = {Communications},
title = {{Isolated Actors for Race-Free Concurrent Programming}},
volume = {4874},
year = {2010}
}
@inproceedings{Russo2008,
author = {Russo, Claudio V.},
booktitle = {OOPSLA},
doi = {10.1145/1449955.1449770},
file = {:Users/turon/Library/Application Support/Mendeley Desktop/Downloaded/Russo - 2008 - Join patterns for visual basic.pdf:pdf},
issn = {03621340},
keywords = {asynchronous mes-,join patterns,visual basic},
month = oct,
number = {10},
pages = {53},
title = {{Join patterns for visual basic}},
url = {http://portal.acm.org/citation.cfm?doid=1449955.1449770},
volume = {43},
year = {2008}
}
@article{Russo2006,
author = {Russo, Claudio and Benton, Nick},
file = {:Users/turon/Library/Application Support/Mendeley Desktop/Downloaded/Russo, Benton - 2006 - Joins — A Concurrency Library.pdf:pdf},
pages = {1--29},
title = {{Joins — A Concurrency Library}},
year = {2006}
}
@article{Haller2010,
author = {Haller, Philipp},
file = {:Users/turon/Library/Application Support/Mendeley Desktop/Downloaded/Haller - 2010 - Lightweight Language Support for Type-Based , Concurrent Event Processing.pdf:pdf},
journal = {Processing},
pages = {1--7},
title = {{Lightweight Language Support for Type-Based , Concurrent Event Processing}},
year = {2010}
}
@article{Benton2004,
author = {Benton, Nick and Cardelli, L and Fournet, C},
doi = {10.1145/1018203.1018205},
file = {:Users/turon/Library/Application Support/Mendeley Desktop/Downloaded/Benton, Cardelli, Fournet - 2004 - Modern concurrency abstractions for C-sharp.pdf:pdf},
journal = {ACM Transactions on},
month = sep,
number = {5},
pages = {769--804},
title = {{Modern concurrency abstractions for C-sharp}},
url = {http://portal.acm.org/citation.cfm?id=1018205},
volume = {26},
year = {2004}
}
@article{Harris2006,
author = {Harris, Tim and Plesko, Mark and Shinnar, Avraham and Tarditi, David},
doi = {10.1145/1133255.1133984},
file = {:Users/turon/Library/Application Support/Mendeley Desktop/Downloaded/Harris et al. - 2006 - Optimizing memory transactions.pdf:pdf},
issn = {03621340},
journal = {ACM SIGPLAN Notices},
keywords = {12,a location being,atomic blocks can execute,atomicity,because they are parallelism,concurrently so long as,critical regions,in any of the,is not being accessed,others,preserving,processor machines,this,transactional memory,updated in one block},
month = jun,
number = {6},
pages = {14},
title = {{Optimizing memory transactions}},
url = {http://portal.acm.org/citation.cfm?doid=1133255.1133984},
volume = {41},
year = {2006}
}
@article{Reppy2009,
author = {Reppy, John and Russo, Claudio V. and Xiao, Yingqi},
doi = {10.1145/1631687.1596588},
file = {:Users/turon/Library/Application Support/Mendeley Desktop/Downloaded/Reppy, Russo, Xiao - 2009 - Parallel concurrent ML.pdf:pdf},
issn = {03621340},
journal = {ACM SIGPLAN Notices},
keywords = {and a powerful abstraction,called first-class synchronous operations,cml extends sml with,concurrency,for building syn-,mecha-,message passing,ml,mthm97,nism,parallelism,passing over typed channels,synchronous message},
month = aug,
number = {9},
pages = {257},
title = {{Parallel concurrent ML}},
url = {http://portal.acm.org/citation.cfm?doid=1631687.1596588},
volume = {44},
year = {2009}
}
@article{Sulzmann2008,
address = {New York, New York, USA},
author = {Sulzmann, Martin},
doi = {10.1145/1389449.1389453},
file = {:Users/turon/Library/Application Support/Mendeley Desktop/Downloaded/Sulzmann - 2008 - Parallel execution of multi-set constraint rewrite rules.pdf:pdf},
isbn = {9781605581170},
journal = {Proceedings of the 10th international ACM},
number = {Sections 3},
pages = {20},
publisher = {ACM Press},
title = {{Parallel execution of multi-set constraint rewrite rules}},
url = {http://portal.acm.org/citation.cfm?id=1389453},
year = {2008}
}
@unpublished{Sulzmann2009,
author = {Sulzmann, Martin and Lam, Edmund},
booktitle = {Citeseer},
file = {:Users/turon/Library/Application Support/Mendeley Desktop/Downloaded/Sulzmann, Lam - 2009 - Parallel Join Patterns with Guards and Propagation.pdf:pdf},
number = {Section 4},
pages = {1--12},
title = {{Parallel Join Patterns with Guards and Propagation}},
url = {http://citeseerx.ist.psu.edu/viewdoc/download?doi=10.1.1.151.1104\&amp;rep=rep1\&amp;type=pdf},
year = {2009}
}
@article{Fraser2004,
abstract = {A method of management of a dual stenoses affecting the proximal common carotid artery and the internal carotid artery, the tandem lesion, is described in two cases. The combination of a surgical endarterectomy of the internal carotid artery narrowing and percutaneous balloon dilatation of the more proximal common carotid artery narrowing, via the arteriotomy site, with clamping of the internal carotid artery was successfully employed to avoid an extrathoracic bypass procedure.},
author = {Fraser, K},
file = {:Users/turon/Library/Application Support/Mendeley Desktop/Downloaded/Fraser - 2004 - Practical lock-freedom.pdf:pdf},
issn = {0009-9260},
journal = {Clinical radiology},
keywords = {Aged,Angioplasty,Balloon,Carotid,Carotid Artery,Carotid Stenosis,Carotid Stenosis: radiography,Carotid Stenosis: surgery,Carotid Stenosis: therapy,Carotid: methods,Combined Modality Therapy,Common,Common: radiography,Endarterectomy,Female,Humans,Internal,Internal: radiography,Internal: surgery,Male},
month = jun,
number = {6},
pages = {444--7},
pmid = {9651061},
title = {{Practical lock-freedom}},
url = {http://citeseerx.ist.psu.edu/viewdoc/download?doi=10.1.1.5.5042\&amp;rep=rep1\&amp;type=pdf},
volume = {53},
year = {2004}
}
@article{Kehrt2010,
author = {Kehrt, Matthew and Effinger-Dean, Laura and Schmitz, Michael and Grossman, Dan},
doi = {10.4204/EPTCS.17.4},
file = {:Users/turon/Library/Application Support/Mendeley Desktop/Downloaded/Kehrt et al. - 2010 - Programming Idioms for Transactional Events.pdf:pdf},
issn = {2075-2180},
journal = {Electronic Proceedings in Theoretical Computer Science},
month = feb,
number = {alwaysEvt x},
pages = {43--48},
title = {{Programming Idioms for Transactional Events}},
url = {http://arxiv.org/abs/1002.0936v1},
volume = {17},
year = {2010}
}
@article{Odersky2007,
author = {Odersky, Martin},
file = {:Users/turon/Library/Application Support/Mendeley Desktop/Downloaded/Odersky - 2007 - Programming in Scala.pdf:pdf},
title = {{Programming in Scala}},
year = {2007}
}
@article{Carlstrom2008,
author = {Carlstrom, Brian D},
file = {:Users/turon/Library/Application Support/Mendeley Desktop/Downloaded/Carlstrom - 2008 - PROGRAMMING WITH TRANSACTIONAL MEMORY.pdf:pdf},
journal = {Work},
keywords = {transactional memory, Java, JavaT, Atomos, paralle},
number = {June},
title = {{PROGRAMMING WITH TRANSACTIONAL MEMORY}},
year = {2008}
}
@article{Luchangco,
author = {Luchangco, Victor},
file = {:Users/turon/Library/Application Support/Mendeley Desktop/Downloaded/Luchangco - Unknown - Revisiting Condition Variables and Transactions.pdf:pdf},
title = {{Revisiting Condition Variables and Transactions}}
}
@article{Moura2009,
author = {Moura, Ana L\'{u}cia De and Ierusalimschy, Roberto},
doi = {10.1145/1462166.1462167},
file = {:Users/turon/Library/Application Support/Mendeley Desktop/Downloaded/Moura, Ierusalimschy - 2009 - Revisiting coroutines.pdf:pdf},
issn = {01640925},
journal = {ACM Transactions on Programming Languages and Systems},
keywords = {continuations,control structures,coroutines,este artigo defende o,resgate de corotinas como,resumo,uma poderosa},
month = feb,
number = {2},
pages = {1--31},
title = {{Revisiting coroutines}},
url = {http://portal.acm.org/citation.cfm?doid=1462166.1462167},
volume = {31},
year = {2009}
}
@article{Basu,
author = {Basu, Ananda and Bensalem, Saddek and Bozga, Marius and Combaz, Jacques and Jaber, Mohamad and Nguyen, Thanh-hung and Sifakis, Joseph},
file = {:Users/turon/Library/Application Support/Mendeley Desktop/Downloaded/Basu et al. - Unknown - Rigorous System Design Using the BIP Framework.pdf:pdf},
journal = {Structure},
pages = {41--48},
title = {{Rigorous System Design Using the BIP Framework}}
}
@article{Haller2009,
author = {Haller, P and Odersky, M},
doi = {10.1016/j.tcs.2008.09.019},
file = {:Users/turon/Library/Application Support/Mendeley Desktop/Downloaded/Haller, Odersky - 2009 - Scala Actors Unifying thread-based and event-based programming.pdf:pdf},
issn = {03043975},
journal = {Theoretical Computer Science},
keywords = {actors,concurrent programming,events,threads},
month = feb,
number = {2-3},
pages = {202--220},
title = {{Scala Actors: Unifying thread-based and event-based programming}},
url = {http://linkinghub.elsevier.com/retrieve/pii/S0304397508006695},
volume = {410},
year = {2009}
}
@article{Kelsey,
author = {Kelsey, Richard and Sperber, Mike},
file = {:Users/turon/Library/Application Support/Mendeley Desktop/Downloaded/Kelsey, Sperber - Unknown - Scheme 48 Reference Manual.pdf:pdf},
title = {{Scheme 48 Reference Manual}}
}
@article{Reppy2007,
author = {Reppy, John and Xiao, Yingqi},
doi = {10.1145/1190215.1190264},
file = {:Users/turon/Library/Application Support/Mendeley Desktop/Downloaded/Reppy, Xiao - 2007 - Specialization of CML message-passing primitives.pdf:pdf},
issn = {03621340},
journal = {ACM SIGPLAN Notices},
month = jan,
number = {1},
pages = {315},
title = {{Specialization of CML message-passing primitives}},
url = {http://portal.acm.org/citation.cfm?doid=1190215.1190264},
volume = {42},
year = {2007}
}
@inproceedings{Cederman2010,
address = {New York, New York, USA},
author = {Cederman, Daniel and Tsigas, Philippas},
booktitle = {Proceedings of the 7th ACM international conference on Computing frontiers},
doi = {10.1145/1693453.1693503},
file = {:Users/turon/Library/Application Support/Mendeley Desktop/Downloaded/Cederman, Tsigas - 2010 - Supporting lock-free composition of concurrent data objects.pdf:pdf},
isbn = {9781605587080},
keywords = {composition,data structures,lock-free},
pages = {53--62},
publisher = {ACM},
title = {{Supporting lock-free composition of concurrent data objects}},
url = {http://portal.acm.org/citation.cfm?id=1787286\&amp;dl=ACM},
year = {2010}
}
@article{Lindley2010,
author = {Lindley, Sam and Wadler, Philip and Yallop, Jeremy},
doi = {10.1017/S095679680999027X},
file = {:Users/turon/Library/Application Support/Mendeley Desktop/Downloaded/Lindley, Wadler, Yallop - 2010 - The arrow calculus.pdf:pdf},
issn = {0956-7968},
journal = {Journal of Functional Programming},
month = jan,
number = {01},
pages = {51},
title = {{The arrow calculus}},
url = {http://www.journals.cambridge.org/abstract\_S095679680999027X},
volume = {20},
year = {2010}
}
@article{Berry1990,
author = {Berry, Gcrard and Mines, Ecole and Boudol, Grard},
file = {:Users/turon/Library/Application Support/Mendeley Desktop/Downloaded/Berry, Mines, Boudol - 1990 - The Chemical Abstract Machine.pdf:pdf},
title = {{The Chemical Abstract Machine}},
year = {1990}
}
@article{,
file = {:Users/turon/Library/Application Support/Mendeley Desktop/Downloaded/Unknown - Unknown - The design and engineering of concurrency libraries.pdf:pdf},
title = {{The design and engineering of concurrency libraries}}
}
@article{Lea2005,
author = {Lea, D},
doi = {10.1016/j.scico.2005.03.007},
file = {:Users/turon/Library/Application Support/Mendeley Desktop/Downloaded/Lea - 2005 - The java. util. concurrent synchronizer framework.pdf:pdf},
issn = {01676423},
journal = {Science of Computer Programming},
keywords = {java,synchronization},
month = dec,
number = {3},
pages = {293--309},
title = {{The java. util. concurrent synchronizer framework}},
url = {http://linkinghub.elsevier.com/retrieve/pii/S0167642305000663},
volume = {58},
year = {2005}
}
@article{Reppy,
author = {Reppy, John and Xiao, Yingqi},
file = {:Users/turon/Library/Application Support/Mendeley Desktop/Downloaded/Reppy, Xiao - Unknown - Toward a parallel implementation of Concurrent ML.pdf:pdf},
number = {Cml},
title = {{Toward a parallel implementation of Concurrent ML}}
}
@article{Luchangcoa,
author = {Luchangco, Victor},
file = {:Users/turon/Library/Application Support/Mendeley Desktop/Downloaded/Luchangco - Unknown - Transaction Communicators Enabling Cooperation Among Concurrent Transactions.pdf:pdf},
journal = {Communication},
keywords = {communication,transactional memory},
pages = {169--178},
title = {{Transaction Communicators : Enabling Cooperation Among Concurrent Transactions}}
}
@article{Donnelly2008,
author = {Donnelly, Kevin and Fluet, Matthew},
doi = {10.1017/S0956796808006916},
file = {:Users/turon/Library/Application Support/Mendeley Desktop/Downloaded/Donnelly, Fluet - 2008 - Transactional events.pdf:pdf},
issn = {0956-7968},
journal = {Journal of Functional Programming},
month = oct,
number = {5-6},
pages = {649},
title = {{Transactional events}},
url = {http://www.journals.cambridge.org/abstract\_S0956796808006916},
volume = {18},
year = {2008}
}
@article{Effinger-Dean2008,
author = {Effinger-Dean, Laura and Kehrt, Matthew and Grossman, Dan},
doi = {10.1145/1411203.1411222},
file = {:Users/turon/Library/Application Support/Mendeley Desktop/Downloaded/Effinger-Dean, Kehrt, Grossman - 2008 - Transactional events for ML.pdf:pdf},
issn = {03621340},
journal = {ACM SIGPLAN Notices},
keywords = {synchronous message passing,transactional events},
month = sep,
number = {9},
pages = {103},
title = {{Transactional events for ML}},
url = {http://portal.acm.org/citation.cfm?doid=1411203.1411222},
volume = {43},
year = {2008}
}
@article{Sonmez,
author = {Sonmez, Nehir and Perfumo, Cristian and Stipic, Srdjan and Unsal, Osman S and Valero, Mateo},
file = {:Users/turon/Library/Application Support/Mendeley Desktop/Downloaded/Sonmez et al. - Unknown - unreadTVar Extending Haskell Software Transactional Memory for Performance.pdf:pdf},
pages = {1--16},
title = {{unreadTVar : Extending Haskell Software Transactional Memory for Performance}}
}
@article{Morrison,
author = {Morrison, Adam},
file = {:Users/turon/Library/Application Support/Mendeley Desktop/Downloaded/Morrison - Unknown - View Transactions and the Relaxation of Consistency Checks in Software Transactional Memory.pdf:pdf},
journal = {ACM Computing Surveys},
pages = {2--4},
title = {{View Transactions and the Relaxation of Consistency Checks in Software Transactional Memory}}
}
